@Article{goodman,
author = {Goodman, M. and Czelusniak, J. and Moore, G. and Romero-Herrera, A. and Matsuda, G.},
title = {Fitting the Gene Lineage into its Species Lineage, a Parsimony Strategy Illustrated by Cladograms Constructed from Globin Sequences},
journal = {Systematic Zoology},
publisher = {Taylor & Francis, Ltd., Oxfordshire},
year = {1979},
volume = {28},
number = {2},
pages = {132-163},
month = {Jun.},
}

@Manual{notung,
title = {Notung 2.8: A Manual},
author = {D. Danicic and others},
organization = {Notung Development Team},
month = {Mar.},
year = {2015},
}

@Article{vernot,
author = {Vernot, B. and Stolzer, M. and Goldman, A. and Durand, D.},
title = {Reconciliation with Non-Binary Species Trees},
journal = {Journal of Computational Biology},
publisher = {Mary Ann Liebert, Inc., New York},
year = {2008},
volume = {15},
number = {8},
pages = {981-1006},
month = {Oct.},
}

@Article{treebest,
author = {Vilella, A.J. and Severin, J. and Ureta-Vidal, A. and Heng, L. and Durbin, R. and Birney, E.},
title = {EnsemblCompara GeneTrees: Complete,
duplication-aware phylogenetic trees in vertebrates},
journal = {Genome Research},
publisher = {Cold Spring Harbor Laboratory Press, New York},
year = {2009},
volume = {19},
number = {2},
pages = {327-335},
month = {Feb.},
}

@Misc{treebest_online,
author = {L. Heng},
title = {TreeSoft: TreeBeST. [online].},
howpublished = {Available from: \url{http://treesoft.sourceforge.net/treebest.shtml}},
note = {[Accessed 12  Jan  2021]},
}

@Article{treefix,
author = {Wu, Y.C. and Rasmussen, M.D. and Bansal, M S. and Kellis, M.},
title = {TreeFix: Statistically Informed Gene Tree Error Correction Using Species Trees},
journal = {Systematic Biology},
publisher = {Oxford University Press, Oxford},
year = {2013},
volume = {62},
number = {1},
pages = {110-120},
month = {Jan.},
}

@Misc{treefix_online,
author = {Wu, Y.C. and Rasmussen, M.D. and Bansal, M.S. and Kellis, M.},
title = {TreeFix},
howpublished = {Available from: \url{https://www.cs.hmc.edu/~yjw/software/treefix/}},
year = {2014},
note = {[Accessed 12  Jan  2021]},
}

@Misc{treefix_tutorial,
author = {M. Bansal},
title = {Tutorial: TreeFix and TreeFix-DTL},
howpublished = {Available from: \url{http://compbio.mit.edu/treefix/tutorial.html}},
year = {2014},
note = {[Accessed 12  Jan  2021]},
}

@Article{treerecs,
author = {N. Comte and others},
title = {Treerecs: an integrated phylogenetic tool, from
sequences to reconciliations},
journal = {bioRxiv},
publisher = {Cold Spring Harbor Laboratory, New York},
year = {2019},
month = {Oct.},
}

@Misc{treerecs_tutorial,
author = {INRIA},
title = {Tutorial – Treerecs},
howpublished = {Available from: \url{https://project.inria.fr/treerecs/tutorial/}},
year = {2011},
note = {[Accessed 12  Jan  2021]},
}

@Article{spimap,
author = {Rasmussen, M.D. and Kellis, M.},
title = {A Bayesian Approach for Fast and Accurate Gene Tree
Reconstruction},
journal = {Molecular Biology and Evolution},
publisher = {Oxford University Press, Oxford},
year = {2011},
volume = {28},
number = {1},
pages = {273-290},
month = {Jan.},
}

@Misc{spimap_online,
author = {M.D. Rasmussen},
title = {SPIMAP documentation},
howpublished = {Available from: \url{http://compbio.mit.edu/spimap/pub/spimap/doc/spimap-manual.html}},
year = {2011},
note = {[Accessed 12  Jan  2021]},
}

@Article{phyldog,
author = {Boussau, B. and Szöllosi, G.J. and Duret, L. and Gouy, M. and Tannier, E. and Daubin, V.},
title = {Genome-scale coestimation of species and gene trees},
journal = {Genome Research},
publisher = {Cold Spring Harbor Laboratory Press, New York},
year = {2013},
volume = {23},
number = {2},
pages = {323-330},
month = {Feb.},
}

@Misc{phyldog_online,
author = {B. Boussau},
title = {PHYLDOG: joint reconstruction of species and gene phylogenies},
howpublished = {Available from: \url{https://pbil.univ-lyon1.fr/software/phyldog/}},
year = {2012},
note = {[Accessed 12  Jan  2021]},
}

@Article{ma,
author = {Ma, J. and Ratan, A. and Raney, B.J. and Suh, B.B. and Miller, W. and Haussler, D. },
title = {The infinite sites model of genome evolution},
journal = {Proceedings of the National Academy of Science},
publisher = {United States National Academy of Sciences, Washington D.C.},
year = {2008},
volume = {105},
number = {38},
pages = {14254-14261},
month = {Sep.},
}

@Article{brejova,
author = {Brejová, B. and Gafurov, A. and Pardubská, D. and Sabo, M. and Vinař, T.},
title = {Isometric Gene Tree Reconciliation Revisited},
journal = {Algorithms for Molecular Biology},
publisher = {BioMed Central, London},
year = {2017},
volume = {12},
number = {1},
pages = {17},
month = {Jun.},
}

@inproceedings{doyon,
author = {Doyon, J.P. and Hamel, S. and Chauve, C.},
title = {Algorithms for Exploring the Space of Gene Tree/Species Tree Reconciliations},
booktitle = {Nelson C.E., Vialette S. (eds) Comparative Genomics. RECOMB-CG 2008. Lecture Notes in Computer Science},
year = {2008},
volume = {5267},
publisher = {Springer-Verlag, Berlin, Heidelberg},
month = {Oct.},
pages = {1-13},
doi = {10.1007/978-3-540-87989-3_1},
}

@Article{hasic,
author = {Hasić, D. and Tannier, E.},
title = {Gene tree species tree reconciliation with gene conversion},
journal = {Journal of Mathematical Biology},
publisher = {Springer Science+Business Media, Berlin},
year = {2019},
volume = {78},
number = {6},
pages = {1981-2014},
month = {May},
}

@Book{felsenstein,
author = {J. Felsenstein},
title = {Inferring Phylogenies},
publisher = {Sinauer, Sunderland},
year = {2003},
isbn = {9780878931774},
}

@MastersThesis{chladek_thesis,
author = {R. Chládek},
title = {Algorithms for isometric gene tree reconciliation},
school = {Comenius University in Bratislava},
year = {2019},
}

@Unpublished{chladek_unpublished,
author = {Chládek R. and Vinař, T. and Brejová, B.},
title = {Isometric Gene Tree Reconciliation With Interval Edge Lengths},
}



